%% LaTeX2e file `slides.bib'
%% generated by the `filecontents' environment
%% from source `slides' on 2019/01/23.
%%
  @article{DBLP:journals/corr/KollaJG16,
    author    = {Ravi Kumar Kolla and
                 Krishna P. Jagannathan and
                 Aditya Gopalan},
    title     = {Stochastic bandits on a social network: Collaborative learning with
                 local information sharing},
    journal   = {CoRR},
    volume    = {abs/1602.08886},
    year      = {2016},
    url       = {http://arxiv.org/abs/1602.08886},
    archivePrefix = {arXiv},
    eprint    = {1602.08886},
    timestamp = {Mon, 13 Aug 2018 16:47:14 +0200},
    biburl    = {https://dblp.org/rec/bib/journals/corr/KollaJG16},
    bibsource = {dblp computer science bibliography, https://dblp.org}
  }
